<?xml version="1.0" encoding="UTF-8"?><collection xmlns="http://www.loc.gov/MARC21/slim"><record><leader>00693nam--2200217-u-4500</leader><controlfield tag="001">000055146</controlfield><controlfield tag="002">20161230</controlfield><controlfield tag="005">20161230201052</controlfield><controlfield tag="008">121107s1000------------r-----000-0-rus-d</controlfield><datafield ind1=" " ind2=" " tag="040"><subfield code="a">IFIN-HH</subfield></datafield><datafield ind1=" " ind2=" " tag="041"><subfield code="a">rus</subfield></datafield><datafield ind1=" " ind2=" " tag="080"><subfield code="a">538.915</subfield></datafield><datafield ind1="1" ind2=" " tag="100"><subfield code="a">Harrison, Walter A</subfield></datafield><datafield ind1="1" ind2="0" tag="245"><subfield code="a">Elektronnaia struktura i svoistva tverdih tel</subfield><subfield code="b">Fizika himiceskoi sviazi b dvuh tomah</subfield><subfield code="c">Walter a. harrison</subfield></datafield><datafield ind1=" " ind2=" " tag="260"><subfield code="a">Moskva</subfield><subfield code="b">Mir</subfield><subfield code="c">1983</subfield></datafield><datafield ind1=" " ind2=" " tag="300"><subfield code="a">2 VOLUME</subfield></datafield><datafield ind1=" " ind2=" " tag="500"><subfield code="a">Titlul Original In Limba Engleza: Electric Structure And The Properties Of Solids, The Physics Of The Chemical Bond</subfield></datafield><datafield ind1="1" ind2=" " tag="786"><subfield code="a">Volume 2</subfield><subfield code="h">332p</subfield></datafield><datafield ind1="1" ind2=" " tag="787"><subfield code="a">Volume 1</subfield><subfield code="h">381p</subfield></datafield><datafield ind1=" " ind2=" " tag="852"><subfield code="a">71762</subfield><subfield code="c">539.2</subfield></datafield><datafield ind1=" " ind2=" " tag="CAT"><subfield code="a">Sys</subfield><subfield code="c">20121107</subfield><subfield code="h">141420</subfield></datafield></record></collection>